@article{anderson2007normative,
  title={Normative dissonance in science: Results from a national survey of US scientists},
  author={Anderson, Melissa S and Martinson, Brian C and De Vries, Raymond},
  journal={Journal of Empirical Research on Human Research Ethics},
  volume={2},
  number={4},
  pages={3--14},
  year={2007},
  publisher={SAGE Publications Sage CA: Los Angeles, CA}
}

 @misc{aaporstandards, 
 title={Standard Definitions: Final Dispositions of Case Codes and Outcome Rates for Surveys}, 
 howpublished={\url{https://www.aapor.org/AAPOR_Main/media/publications/Standard-Definitions20169theditionfinal.pdf}}, 
 journal={American Association for Public Opinion Research}, 
 author={AAPOR},
 year={2016}
 }

 @misc{aapor, 
 title={Best practices for survey research}, 
 howpublished={\url{https://www.aapor.org/Standards-Ethics/Best-Practices.aspx}}, 
 journal={American Association for Public Opinion Research}, 
 author={AAPOR},
 year={2022}
 }

@article{anselin1989special,
  title={What is special about spatial data? Alternative perspectives on spatial data analysis (89-4)},
  author={Anselin, Luc},
  year={1989}
}

@article{baker20161,
  title={1,500 scientists lift the lid on reproducibility},
  author={Baker, Monya},
  journal={Nature},
  volume={533},
  number={7604},
  year={2016}
}

@article{balz2020reproducibility,
  title={Reproducibility and replicability in {SAR} remote sensing},
  author={Balz, Timo and Rocca, Fabio},
  journal={IEEE Journal of Selected Topics in Applied Earth Observations and Remote Sensing},
  volume={13},
  pages={3834--3843},
  year={2020},
  publisher={IEEE},
  doi={10.1109/JSTARS.2020.3005912}
}

@article{barba2018terminologies,
  title={Terminologies for reproducible research},
  author={Barba, Lorena A},
  journal={arXiv preprint arXiv:1802.03311},
  year={2018}
}

@article{boulbes2018survey,
  title={A survey on data reproducibility and the effect of publication process on the ethical reporting of laboratory research},
  author={Boulbes, Delphine R and Costello, Tracy and Baggerly, Keith and Fan, Fan and Wang, Rui and Bhattacharya, Rajat and Ye, Xiangcang and Ellis, Lee M},
  journal={Clinical Cancer Research},
  volume={24},
  number={14},
  pages={3447--3455},
  year={2018},
  publisher={AACR}
}

@article{brunsdon2016,
  title={Quantitative methods I: Reproducible research and quantitative geography},
  author={Brunsdon, Chris},
  journal={Progress in Human Geography},
  volume={40},
  number={5},
  pages={687--696},
  year={2016},
  publisher={Sage Publications Sage UK: London, England},
  doi={10.1177/0309132515599625}
}

@book{christensen2019,
  title={Transparent and reproducible social science research},
  author={Christensen, Garret and Freese, Jeremy and Miguel, Edward},
  year={2019},
  publisher={University of California Press}
}

@book{dillman2014internet,
  title={Internet, phone, mail, and mixed-mode surveys: the tailored design method},
  author={Dillman, Don A and Smyth, Jolene D and Christian, Leah Melani},
  year={2014},
  publisher={John Wiley \& Sons}
}

@article{earp2015,
  title={Replication, falsification, and the crisis of confidence in social psychology},
  author={Earp, Brian D and Trafimow, David},
  journal={Frontiers in psychology},
  volume={6},
  pages={621},
  year={2015},
  publisher={Frontiers}
}

@article{fanelli2009many,
  title={How many scientists fabricate and falsify research? A systematic review and meta-analysis of survey data},
  author={Fanelli, Daniele},
  journal={PloS one},
  volume={4},
  number={5},
  pages={e5738},
  year={2009},
  publisher={Public Library of Science San Francisco, USA}
}

@inproceedings{gomez2010replications,
  title={Replications types in experimental disciplines},
  author={G{\'o}mez, Omar S and Juristo, Natalia and Vegas, Sira},
  booktitle={Proceedings of the 2010 ACM-IEEE international symposium on empirical software engineering and measurement},
  pages={1--10},
  year={2010}
}

@incollection{goodchild2022reproducibility,
  title={Reproducibility and replicability in spatial science},
  author={Goodchild, Michael F},
  booktitle={Handbook of Spatial Analysis in the Social Sciences},
  pages={518--527},
  year={2022},
  publisher={Edward Elgar Publishing}
}

@article{goodchild2021Annals,
  title={Introduction: Forum on reproducibility and replicability in geography},
  author={Goodchild, Michael F and Fotheringham, A Stewart and Kedron, Peter and Li, Wenwen},
  journal={Annals of the American Association of Geographers},
  volume={111},
  number={5},
  pages={1271--1274},
  year={2021},
  publisher={Taylor \& Francis}
}

@article{goodchild2021replication,
  title={Replication across space and time must be weak in the social and environmental sciences},
  author={Goodchild, Michael F and Li, Wenwen},
  journal={Proceedings of the National Academy of Sciences},
  volume={118},
  number={35},
  pages={e2015759118},
  year={2021},
  publisher={National Acad Sciences},
  doi={10.1073/pnas.2015759118}
}

@article{haig2022,
  title={Understanding replication in a way that is true to science},
  author={Haig, Brian D},
  journal={Review of General Psychology},
  volume={26},
  number={2},
  pages={224--240},
  year={2022},
  publisher={Sage Publications Sage CA: Los Angeles, CA}
}

@book{harvey1969,
    author = {Harvey, David},
    title = {Explanation in Geography},
    publisher = {Edward Arnold},
    year = {1969},
    address = {London}
}

@article{hendrick1990,
  title={Replications, strict replications, and conceptual replications: are they important?},
  author={Hendrick, Clyde},
  journal={Journal of Social Behavior and Personality},
  volume={5},
  number={4},
  pages={41},
  year={1990},
  publisher={Select Press}
}

@inproceedings{hofer2019reproducible,
  title={Reproducible Publications at AGILE Conferences--Proposed Guidelines for Authors and Reviewers},
  author={Hofer, Barbara and Broman, Karl W and Granell, Carlos and Graser, Anita and Hettne, Kristina and Daniel N{\"u}st, D and Teperek, M},
  booktitle={Accepted Short Papers and Posters from the 22nd AGILE Conference on Geo-information Science, Limassol, Chipre, Editorial, Stichting AGILE},
  year={2019}
}

@book{inkpen2013science,
  title={Science, philosophy and physical geography},
  author={Inkpen, Robert and Wilson, Graham},
  year={2013},
  publisher={Routledge}
}

@article{irvine2021,
  title={The role of replication studies in theory building},
  author={Irvine, Elizabeth},
  journal={Perspectives on Psychological Science},
  volume={16},
  number={4},
  pages={844--853},
  year={2021},
  publisher={Sage Publications Sage CA: Los Angeles, CA}
}

@misc{Kedron_RPl_Survey_PAP,
    title={A Survey of Researcher Perceptions of Replication in Geography},
    howpublished={\url{https://osf.io/a4nwg}},
    doi={10.17605/OSF.IO/A4NWG},
    author={Kedron, Peter and Holler, Joseph and Bardin, Sarah},
    year={2022},
    month={September}
}

@article{kedron2021GA,
  title={Reproducibility and replicability in geographical analysis},
  author={Kedron, Peter and Frazier, Amy E and Trgovac, Andrew B and Nelson, Trisalyn and Fotheringham, A Stewart},
  journal={Geographical Analysis},
  volume={53},
  number={1},
  pages={135--147},
  year={2021},
  publisher={Wiley Online Library}
}

@article{kedron2021IJGIS,
  title={Reproducibility and replicability: opportunities and challenges for geospatial research},
  author={Kedron, Peter and Li, Wenwen and Fotheringham, Stewart and Goodchild, Michael},
  journal={International Journal of Geographical Information Science},
  volume={35},
  number={3},
  pages={427--445},
  year={2021},
  publisher={Taylor \& Francis}
}

@article{kedron2022replication,
  title={Replication and the search for the laws in the geographic sciences},
  author={Kedron, Peter and Holler, Joseph},
  journal={Annals of GIS},
  volume={28},
  number={1},
  pages={45--56},
  year={2022},
  publisher={Taylor \& Francis}
}

@misc{Kedron_Holler_Bardin_Hilgendorf_2022,
  title={Reproducibility, Replicability, and Open Science Practices in the Geographical Sciences},
  howpublished ={\url{osf.io/c5a2r}},
  doi={10.17605/OSF.IO/C5A2R},
  publisher={OSF},
  author={Kedron, Peter and Holler, Joseph and Bardin, Sarah and Hilgendorf, Zach},
  year={2022},
  month={Mar}
}

@article{kedron2023survey,
  title={Reproducible Research Practices and Barriers to Reproducible Research in Geography: Insights from a Survey},
  author={Kedron, Peter and Holler, Joseph and Bardin, Sarah},
  year={2023},
  publisher={OSF Preprints},
  doi={10.31219/osf.io/nyrq9}
}

@misc{Kedron_SaffaryRP,
  title={Reproduction of Saffary et al 2020},
  url={osf.io/qfkg4},
  publisher={OSF},
  author={Kedron, Peter and Bardin, Sarah and Holler, Joseph and Gilman, Joshua and Grady, Bryant and Seeley, Megan and Wang, Xin and Yang, Wenxin},
  year={2022}
}

@misc{Kedron_VijayanRP,
  title={Reproduction of Vijayan et al 2020},
  url={osf.io/my5dz},
  publisher={OSF},
  author={Kedron, Peter and Bardin, Sarah and Holler, Joseph and Gilman, Joshua and Grady, Bryant and Seeley, Megan and Wang, Xin and Yang, Wenxin},
  year={2022}
}

 @misc{Kedron_MollaloRP,
  title={Reproduction of Mollalo et al 2020},
  url={osf.io/e43kq},
  publisher={OSF},
  author={Kedron, Peter and Bardin, Sarah and Holler, Joseph and Gilman, Joshua and Grady, Bryant and Seeley, Megan and Wang, Xin and Yang, Wenxin},
  year={2022}
}

@article{Kedron2022dimaggio,
   author = {Peter Kedron and Sarah Bardin and Tyler D. Hoffman and Mehak Sachdeva and Matthew Quick and Joseph Holler},
   doi = {10.1016/j.annepidem.2022.05.005},
   issn = {10472797},
   journal = {Annals of Epidemiology},
   pages = {8-14},
   publisher = {Elsevier Inc.},
   title = {A Replication of {DiMaggio} etÂ al. (2020) in {Phoenix, AZ}},
   volume = {74},
   url = {https://doi.org/10.1016/j.annepidem.2022.05.005},
   year = {2022},
}

@misc{Kedron2023Beyond,
 title={A Framework for Moving Beyond Computational Reproducibility: Lessons from Three Reproductions of Geographical Analyses of COVID-19},
 url={osf.io/preprints/metaarxiv/7jqtv},
 DOI={10.31222/osf.io/7jqtv},
 publisher={MetaArXiv},
 author={Kedron, Peter and Bardin, Sarah and Holler, Joseph and Gilman, Joshua and Grady, Bryant and Seeley, Megan and Wang, Xin and Yang, Wenxin},
 year={2023}
}

@article{kedron2023survey,
  title={Reproducible Research Practices and Barriers to Reproducible Research in Geography: Insights from a Survey},
  author={Kedron, Peter and Holler, Joseph and Bardin, Sarah},
  journal={Annals of the American Association of Geographers},
  pages={1--18},
  year={2023},
  publisher={Taylor \& Francis}
}

@article{klein2014theory,
  title={Theory building through replication: Response to commentaries on the âMany Labsâ replication project.},
  author={Klein, Richard A and Ratliff, Kate A and Vianello, Michelangelo and Adams Jr, Reginald B and Bahn{\'\i}k, {\v{S}}t{\v{e}}p{\'a}n and Bernstein, Michael J and Bocian, Konrad and Brandt, Mark J and Brooks, Beach and Brumbaugh, Claudia Chloe and others},
  year={2014},
  publisher={Hogrefe Publishing}
}

@article{konkol2019,
  title={Computational reproducibility in geoscientific papers: Insights from a series of studies with geoscientists and a reproduction study},
  author={Konkol, Markus and Kray, Christian and Pfeiffer, Max},
  journal={International Journal of Geographical Information Science},
  volume={33},
  number={2},
  pages={408--429},
  year={2019},
  publisher={Taylor \& Francis}
}

@article{marcovich1967,
  title={Heraclitus, greek text with a short commentary (Editio Maior)},
  author={Marcovich, Miroslav},
  journal={Merida, Venezuela: Los Andes University Press.(2nd edn with addenda, Academia Verlag 2001)},
  year={1967}
}

@book{merton1968social,
  title={Social theory and social structure},
  author={Merton, Robert King},
  year={1968},
  publisher={Simon and Schuster}
}

@article{miller2015data,
  title={Data-driven geography},
  author={Miller, Harvey J and Goodchild, Michael F},
  journal={GeoJournal},
  volume={80},
  pages={449--461},
  year={2015},
  publisher={Springer}
}

@book{NASEM2019,
  title={Reproducibility and Replicability in Science},
  author={NASEM},
  year={2019},
  publisher={National Academies Press}
}

@article{nichols2021,
  title={Opinion: A better approach for dealing with reproducibility and replicability in science},
  author={Nichols, James D and Oli, Madan K and Kendall, William L and Boomer, G Scott},
  journal={Proceedings of the National Academy of Sciences},
  volume={118},
  number={7},
  pages={e2100769118},
  year={2021},
  publisher={National Acad Sciences}
}

@article{nosek2020,
  title={What is replication?},
  author={Nosek, Brian A and Errington, Timothy M},
  journal={PLoS biology},
  volume={18},
  number={3},
  pages={e3000691},
  year={2020},
  publisher={Public Library of Science San Francisco, CA USA},
  doi={10.1371/journal.pbio.3000691}
}

@article{nust2018,
  title={Reproducible research and GIScience: an evaluation using AGILE conference papers},
  author={N{\"u}st, Daniel and Granell, Carlos and Hofer, Barbara and Konkol, Markus and Ostermann, Frank O and Sileryte, Rusne and Cerutti, Valentina},
  journal={PeerJ},
  volume={6},
  pages={e5072},
  year={2018},
  publisher={PeerJ Inc.}
}

@article{nust2019,
  title={containerit: Generating Dockerfiles for reproducible research with R},
  author={N{\"u}st, Daniel and Hinz, Matthias},
  journal={Journal of Open Source Software},
  volume={4},
  number={40},
  pages={1603},
  year={2019}
}

@article{nust2021,
  title={Practical reproducibility in geography and geosciences},
  author={N{\"u}st, Daniel and Pebesma, Edzer},
  journal={Annals of the American Association of Geographers},
  volume={111},
  number={5},
  pages={1300--1310},
  year={2021},
  publisher={Taylor \& Francis}
}

@article{ostermann2017,
  title={Advancing science with VGI: Reproducibility and replicability of recent studies using VGI},
  author={Ostermann, Frank O and Granell, Carlos},
  journal={Transactions in GIS},
  volume={21},
  number={2},
  pages={224--237},
  year={2017},
  publisher={Wiley Online Library}
}

@InProceedings{ostermann2021,
  author =	{Ostermann, Frank O. and N\"{u}st, Daniel and Granell, Carlos and Hofer, Barbara and Konkol, Markus},
  title =	{{Reproducible Research and GIScience: An Evaluation Using GIScience Conference Papers}},
  booktitle =	{11th International Conference on Geographic Information Science (GIScience 2021) - Part II},
  pages =	{2:1--2:16},
  series =	{Leibniz International Proceedings in Informatics (LIPIcs)},
  ISBN =	{978-3-95977-208-2},
  ISSN =	{1868-8969},
  year =	{2021},
  volume =	{208},
  editor =	{Janowicz, Krzysztof and Verstegen, Judith A.},
  publisher =	{Schloss Dagstuhl -- Leibniz-Zentrum f{\"u}r Informatik},
  address =	{Dagstuhl, Germany},
  URL =		{https://drops.dagstuhl.de/opus/volltexte/2021/14761},
  URN =		{urn:nbn:de:0030-drops-147615},
  doi =		{10.4230/LIPIcs.GIScience.2021.II.2},
  annote =	{Keywords: reproducible research, open science, reproducibility, GIScience}
}

@article{paez2022reproducibility,
  title={Reproducibility of research during COVID-19: Examining the case of population density and the basic reproductive rate from the perspective of spatial analysis},
  author={Paez, Antonio},
  journal={Geographical analysis},
  volume={54},
  number={4},
  pages={860--880},
  year={2022},
  publisher={Wiley Online Library},
  doi={10.1111/gean.12307}
}

@book{Peet1999,
    author = {Peet, Richard},
    title = {Modern Geographical Thought},
    publisher = {Blackwell},
    address = {Oxford},
    year = {1999}
}

@article{plesser2018reproducibility,
  title={Reproducibility vs. replicability: a brief history of a confused terminology},
  author={Plesser, Hans E},
  journal={Frontiers in neuroinformatics},
  volume={11},
  pages={76},
  year={2018},
  publisher={Frontiers}
}

@book{radder2003,
  title={The Philosophy of Scientific Experimentation},
  publisher={Pittsburgh: University of Pittsburgh Press},
  editor={Radder, Hans},
  year={2003}, 
  doi={10.1086/498489}
}

@book{radder2012,
  title={The material realization of science: From Habermas to experimentation and referential realism},
  author={Radder, Hans},
  volume={294},
  year={2012},
  publisher={Springer Science \& Business Media},
  doi={10.1007/978-94-007-4107-2} 
}

@article{ranstam2000fraud,
  title={Fraud in medical research: an international survey of biostatisticians},
  author={Ranstam, Jonas and Buyse, Marc and George, Stephen L and Evans, Stephen and Geller, Nancy L and Scherrer, Bruno and Lesaffre, Emmanuel and Murray, Gordon and Edler, Lutz and Hutton, Jane L and others},
  journal={Controlled clinical trials},
  volume={21},
  number={5},
  pages={415--427},
  year={2000},
  publisher={Elsevier}
}

@article{rosenthal1979,
  title={The file drawer problem and tolerance for null results.},
  author={Rosenthal, Robert},
  journal={Psychological bulletin},
  volume={86},
  number={3},
  pages={638},
  year={1979},
  publisher={American Psychological Association}
}

@article{sargent1981repeatability,
  title={The repeatability of significance and the significance of repeatability},
  author={Sargent, CL},
  journal={European Journal of Parapsychology},
  volume={3},
  number={4},
  pages={423--443},
  year={1981}
}

@book{sayer1992method,
  title={Method in social science: A realist approach},
  author={Sayer, R Andrew},
  year={1992},
  publisher={Psychology Press}
}

@article{schmidt2009,
  title={Shall we really do it again? The powerful concept of replication is neglected in the social sciences},
  author={Schmidt, Stefan},
  journal={Review of general psychology},
  volume={13},
  number={2},
  pages={90--100},
  year={2009},
  publisher={SAGE Publications Sage CA: Los Angeles, CA}, 
  doi={1037/a0015108}
}

@article{simandan2019revisiting,
  title={Revisiting positionality and the thesis of situated knowledge},
  author={Simandan, Dragos},
  journal={Dialogues in human geography},
  volume={9},
  number={2},
  pages={129--149},
  year={2019},
  publisher={SAGE Publications Sage UK: London, England}
}

@article{sui2021reproducibility,
  title={Reproducibility and Replicability in the Context of the Contested Identities of Geography},
  author={Sui, Daniel and Kedron, Peter},
  journal={Annals of the American Association of Geographers},
  volume={111},
  number={5},
  pages={1275--1283},
  year={2021},
  publisher={Taylor \& Francis},
  doi={10.1080/24694452.2020.1806024}
}

@article{turner1989,
  title={The specialist--Synthesis approach to the revival of geography: The case of cultural ecology},
  author={Turner, Billie Lee},
  journal={Annals of the Association of American Geographers},
  volume={79},
  number={1},
  pages={88--100},
  year={1989},
  publisher={Taylor \& Francis}
}

@article{turner2002,
  title={Contested identities: Human-environment geography and disciplinary implications in a restructuring academy},
  author={Turner, Billie L},
  journal={Annals of the Association of American Geographers},
  volume={92},
  number={1},
  pages={52--74},
  year={2002},
  publisher={Taylor \& Francis}
}

@article{Wainwright2021,
   author = {Joel Wainwright},
   doi = {10.1080/24694452.2020.1806025},
   issn = {2469-4452},
   issue = {5},
   journal = {Annals of the American Association of Geographers},
   keywords = {critical human geography,replicability,reproducible geographical research},
   month = {7},
   pages = {1284-1290},
   publisher = {Routledge},
   title = {Is Critical Human Geography Research Replicable?},
   volume = {111},
   url = {https://www.tandfonline.com/doi/full/10.1080/24694452.2020.1806025},
   year = {2021},
}

@article{waters2021motivations,
  title={Motivations and methods for replication in geography: Working with data streams},
  author={Waters, Nigel},
  journal={Annals of the American Association of Geographers},
  volume={111},
  number={5},
  pages={1291--1299},
  year={2021},
  publisher={Taylor \& Francis}
}

@article{wilson2021,
  title={A five-star guide for achieving replicability and reproducibility when working with GIS software and algorithms},
  author={Wilson, John P and Butler, Kevin and Gao, Song and Hu, Yingjie and Li, Wenwen and Wright, Dawn J},
  journal={Annals of the American Association of Geographers},
  volume={111},
  number={5},
  pages={1311--1317},
  year={2021},
  publisher={Taylor \& Francis}
}

@book{yeung2023theory,
  title={Theory and explanation in geography},
  author={Yeung, Henry Wai-chung},
  year={2023},
  publisher={John Wiley \& Sons}
}

@article{yeung2019rethinking,
  title={Rethinking mechanism and process in the geographical analysis of uneven development},
  author={Yeung, Henry Wai-chung},
  journal={Dialogues in Human Geography},
  volume={9},
  number={3},
  pages={226--255},
  year={2019},
  publisher={SAGE Publications Sage UK: London, England}
}

@misc{zhang_wolf_2023,
 title={Rethinking "causality" in Quantitative Human Geography},
 url={osf.io/preprints/socarxiv/7yncm},
 DOI={10.31235/osf.io/7yncm},
 publisher={SocArXiv},
 author={Zhang, Jing and Wolf, Levi J},
 year={2023},
 month={Aug}
}